<?xml version="1.0" encoding="UTF-8"?><record xmlns="http://www.loc.gov/MARC21/slim" xmlns:cinclude="http://apache.org/cocoon/include/1.0" xmlns:zs="http://www.loc.gov/zing/srw/">
  <leader>00776cz  a2200181n  4500</leader>
  <controlfield tag="001">no 95060607 </controlfield>
  <controlfield tag="003">DLC</controlfield>
  <controlfield tag="005">20130803073851.0</controlfield>
  <controlfield tag="008">951222n| azannaabn          |a aaa     c</controlfield>
  <datafield tag="010" ind1=" " ind2=" ">
    <subfield code="a">no 95060607 </subfield>
  </datafield>
  <datafield tag="035" ind1=" " ind2=" ">
    <subfield code="a">(OCoLC)oca03979520</subfield>
  </datafield>
  <datafield tag="040" ind1=" " ind2=" ">
    <subfield code="a">DJBF</subfield>
    <subfield code="b">eng</subfield>
    <subfield code="e">rda</subfield>
    <subfield code="c">DJBF</subfield>
    <subfield code="d">DLC</subfield>
    <subfield code="d">OCoLC</subfield>
    <subfield code="d">CSt</subfield>
  </datafield>
  <datafield tag="100" ind1="1" ind2=" ">
    <subfield code="a">Francisco, Antonio</subfield>
  </datafield>
  <datafield tag="400" ind1="1" ind2=" ">
    <subfield code="a">Silva Francisco, Antonio Alberto da</subfield>
  </datafield>
  <datafield tag="400" ind1="1" ind2=" ">
    <subfield code="a">Da Silva Francisco, Antonio Alberto</subfield>
  </datafield>
  <datafield tag="400" ind1="1" ind2=" ">
    <subfield code="a">Alberto da Silva Francisco, Antonio</subfield>
  </datafield>
  <datafield tag="670" ind1=" " ind2=" ">
    <subfield code="a">Land markets, employment, and resource use in the peri-urban green zones of Maputo, Mozambique, 1995:</subfield>
    <subfield code="b">t.p. (Antonio Francisco, was prof. of econ., Eduardo Mondlane Univ.)</subfield>
  </datafield>
  <datafield tag="670" ind1=" " ind2=" ">
    <subfield code="a">The Banco Popular de Desenvolvimento (BPD) and formal ... 1993:</subfield>
    <subfield code="b">t.p. (Antonio Alberto da Silva Francisco; Prof.)</subfield>
  </datafield>
</record>